@misc{zhu2017unpaired,
    title={Unpaired Image-to-Image Translation using Cycle-Consistent Adversarial Networks},
    author={Jun-Yan Zhu and Taesung Park and Phillip Isola and Alexei A. Efros},
    year={2017},
    eprint={1703.10593},
    archivePrefix={arXiv},
    primaryClass={cs.CV}
}
@misc{schmidt2019visualizing,
    title={Visualizing the Consequences of Climate Change Using Cycle-Consistent Adversarial Networks},
    author={Victor Schmidt and Alexandra Luccioni and S. Karthik Mukkavilli and Narmada Balasooriya and Kris Sankaran and Jennifer Chayes and Yoshua Bengio},
    year={2019},
    eprint={1905.03709},
    archivePrefix={arXiv},
    primaryClass={cs.CV}
}
@misc{ioffe2015batch,
    title={Batch Normalization: Accelerating Deep Network Training by Reducing Internal Covariate Shift},
    author={Sergey Ioffe and Christian Szegedy},
    year={2015},
    eprint={1502.03167},
    archivePrefix={arXiv},
    primaryClass={cs.LG}
}
@misc{radford2015unsupervised,
    title={Unsupervised Representation Learning with Deep Convolutional Generative Adversarial Networks},
    author={Alec Radford and Luke Metz and Soumith Chintala},
    year={2015},
    eprint={1511.06434},
    archivePrefix={arXiv},
    primaryClass={cs.LG}
}
@book{Goodfellow-et-al-2016,
    title={Deep Learning},
    author={Ian Goodfellow and Yoshua Bengio and Aaron Courville},
    publisher={MIT Press},
    note={\url{http://www.deeplearningbook.org}},
    year={2016}
}
@misc{xu2015empirical,
    title={Empirical Evaluation of Rectified Activations in Convolutional Network},
    author={Bing Xu and Naiyan Wang and Tianqi Chen and Mu Li},
    year={2015},
    eprint={1505.00853},
    archivePrefix={arXiv},
    primaryClass={cs.LG}
}


@book{PythonDeepLearning,
    title={Python Deep Learning: Exploring deep learning techniques and neural network architectures with PyTorch, Keras, and TensorFlow, 2nd Edition},
    author={Ivan Vasilev and Daniel Slater and Gianmario Spacagna and Peter Roelants and Valentino Zocca},
    publisher={Packt Publishing}
}

@misc{goodfellow2014generative,
    title={Generative Adversarial Networks},
    author={Ian J. Goodfellow and Jean Pouget-Abadie and Mehdi Mirza and Bing Xu and David Warde-Farley and Sherjil Ozair and Aaron Courville and Yoshua Bengio},
    year={2014},
    eprint={1406.2661},
    archivePrefix={arXiv},
    primaryClass={stat.ML}
}

@misc{arjovsky2017wasserstein,
    title={Wasserstein GAN},
    author={Martin Arjovsky and Soumith Chintala and Léon Bottou},
    year={2017},
    eprint={1701.07875},
    archivePrefix={arXiv},
    primaryClass={stat.ML}
}
@article{article,
    author = {Ballantyne, Anne and Wibeck, Victoria and Neset, Tina-Simone},
    year = {2015},
    month = {10},
    pages = {},
    title = {Images of climate change – a pilot study of young people’s perceptions of ICT-based climate visualization},
    volume = {134},
    journal = {Climatic Change},
    doi = {10.1007/s10584-015-1533-9}
}

@article{behavioural,
    author = {Whitmarsh Lorraine1, O’Neill, Saffron and Lorenzoni Irene},
    year = {2013},
    title = {Public engagement with climate change: What do we know and where do we go from here? },
    doi = { https://doi.org/10.1386/macp.9.1.7_1}
}

@article{JMLR:v15:srivastava14a,
  author  = {Nitish Srivastava and Geoffrey Hinton and Alex Krizhevsky and Ilya Sutskever and Ruslan Salakhutdinov},
  title   = {Dropout: A Simple Way to Prevent Neural Networks from Overfitting},
  journal = {Journal of Machine Learning Research},
  year    = {2014},
  volume  = {15},
  pages   = {1929-1958},
  url     = {http://jmlr.org/papers/v15/srivastava14a.html}
}